@BOOK{ug230,
AUTHOR="Xilinx",
TITLE="Spartan-3E FPGA Starter Kit Board User Guide",
PUBLISHER="Xilinx",
YEAR="2011",
NOTE="\newline\url{https://www.xilinx.com/support/documentation/boards_and_kits/ug230.pdf}"
}

@BOOK{ps/2,
AUTHOR="Adam Chapweske",
TITLE="The PS/2 Mouse/Keyboard Protocol",
YEAR="2013",
NOTE="\newline\url{https://www.nxp.com/docs/en/user-guide/UM10204.pdf}"
}

@BOOK{i2c,
AUTHOR="NXP Semiconductors N.V.",
TITLE="I2C-bus specification and user manual",
YEAR="2014",
NOTE="\newline\url{https://www.avrfreaks.net/sites/default/files/PS2%20Keyboard.pdf}"
}

@BOOK{oled,
AUTHOR="SOLOMON SYSTECH",
TITLE="SSD1306 Advance Information",
YEAR="2009",
NOTE="\newline\url{https://cdn-shop.adafruit.com/datasheets/SSD1306.pdf}"
}

@BOOK{fpga,
AUTHOR="dr inż. Jarosław Sugier",
TITLE="Zajęcia projektowe do przedmiotu „Układy cyfrowe i systemy wbudowane”",
NOTE="\newline\url{http://www.zsk.ict.pwr.wroc.pl/zsk_ftp/fpga/}"
}